@inproceedings{brassel2011kics2,
 author = {Braßel, Bernd and Hanus, Michael and Peemöller, Björn and Reck, Fabian},
 title = {Ki{CS}2: A New Compiler from Curry to Haskell},
 booktitle = {Proceedings of the 20th International Conference on Functional and Constraint Logic Programming},
 series = {WFLP'11},
 year = {2011},
 isbn = {978-3-642-22530-7},
 location = {Odense, Denmark},
 pages = {1--18},
 numpages = {18},
 url = {http://dl.acm.org/citation.cfm?id=2032603.2032605},
 acmid = {2032605},
 publisher = {Springer-Verlag},
 address = {Berlin, Heidelberg},
}

@article{fischer2009purely,
 author = {Fischer, Sebastian and Kiselyov, Oleg and Shan, Chung-chieh},
 title = {Purely Functional Lazy Non-deterministic Programming},
 journal = {SIGPLAN Not.},
 issue_date = {September 2009},
 volume = {44},
 number = {9},
 month = aug,
 year = {2009},
 issn = {0362-1340},
 pages = {11--22},
 numpages = {12},
 url = {http://doi.acm.org/10.1145/1631687.1596556},
 doi = {10.1145/1631687.1596556},
 acmid = {1596556},
 publisher = {ACM},
 address = {New York, NY, USA},
 keywords = {call-time choice, continuations, monads, side effects},
}

@article{wu2014effect,
author = {Wu, Nicolas and Schrijvers, Tom and Hinze, Ralf},
year = {2014},
month = {09},
pages = {},
title = {Effect Handlers in Scope},
volume = {49},
isbn = {978-1-4503-3041-1},
journal = {ACM SIGPLAN Notices},
doi = {10.1145/2633357.2633358}
}
